%% This BibTeX bibliography file was created using BibDesk.
%% http://bibdesk.sourceforge.net/


%% Created for epontell at 2019-05-01 13:02:13 -0600 


%% Saved with string encoding Unicode (UTF-8) 



@periodical{chronicle,
	Author = {{The Chronicle List}},
	Date-Added = {2019-05-01 13:00:36 -0600},
	Date-Modified = {2019-05-01 13:02:08 -0600},
	Journal = {The Chronicle of Higher Education},
	Title = {{Which Colleges Are Best and Worst at Enrolling and Graduating Women in Computer Science and Engineering?}},
	Volume = {February 24},
	Year = {2019}}

@Article{nursing,
  author  = {Phillip Radcliffe},
  title   = {Gender differences in career progress in nursing: towards a non essentialist theory},
  journal = {Journal of Advanced Nursing},
  year    = {1996},
  volume  = {30},
  number  = {3},
}


@techReport{biomed,
  author      = {Anthony P. Carnevale and Andrea Porter and Jennifer Landis-Santos},
  title       = {{Hispanics: College Majors and Earnings}},
  institution = {Center on Education and the Workforce, Georgetown University},
  year        = {2015},
}


@inproceedings{cp15,
	Author = {Ferdinando Fioretto and Tiep Le and Enrico Pontelli and William Yeoh and Tran Son},
	Booktitle = {Principles and Practice of Constraint Programming},
	Owner = {epontell},
	Pages = {121-139},
	Publisher = {Springer Verlag},
	Timestamp = {2016.01.06},
	Title = {{Exploiting GPUs in Solving (Distributed) Constraint Optimization Problems with Dynamic Programming}},
	Year = {2015}}

@article{ToSP15,
	Author = {Son Thanh To and Tran Cao Son and Enrico Pontelli},
	Journal = {Artif. Intell.},
	Pages = {1--51},
	Title = {A generic approach to planning in the presence of incomplete information: Theory and implementation},
	Volume = {227},
	Year = {2015}}

@inproceedings{LeSP15b,
	Author = {Tiep Le and Tran Cao Son and Enrico Pontelli},
	Booktitle = {{PRIMA} 2015: Principles and Practice of Multi-Agent Systems - 18th International Conference, Bertinoro, Italy, October 26-30, 2015, Proceedings},
	Editor = {Qingliang Chen and Paolo Torroni and Serena Villata and Jane Yung{-}jen Hsu and Andrea Omicini},
	Pages = {449--466},
	Publisher = {Springer},
	Series = {Lecture Notes in Computer Science},
	Title = {Multi-Context Systems with Preferences},
	Volume = {9387},
	Year = {2015}}

@inproceedings{LeSPY15,
	Author = {Tiep Le and Tran Cao Son and Enrico Pontelli and William Yeoh},
	Booktitle = {Proceedings of the Twenty-Ninth {AAAI} Conference on Artificial Intelligence, January 25-30, 2015, Austin, Texas, {USA.}},
	Date-Added = {2017-04-14 05:37:00 +0000},
	Date-Modified = {2017-04-14 05:39:51 +0000},
	Editor = {Blai Bonet and Sven Koenig},
	Pages = {1174--1181},
	Publisher = {{AAAI} Press},
	Title = {Solving Distributed Constraint Optimization Problems Using Logic Programming},
	Year = {2015}}


@inproceedings{TiepSP19, 
  author = {Tiep Le and Tran Cao Son and Enrico Pontelli}, 
  title = {{Multi-Context Systems for Optimization Problems}},
  booktitle = {{AAAI 2019}},
  year=2019
  }
  

 @inproceedings{ChowdhuryKS018,
  author    = {Moinul Morshed Porag Chowdhury and
               Christopher Kiekintveld and
               Tran Cao Son and
               William Yeoh},
  title     = {Bidding Strategy for Periodic Double Auctions Using Monte Carlo Tree
               Search},
  booktitle = {Proceedings of the 17th International Conference on Autonomous Agents
               and MultiAgent Systems, {AAMAS} 2018, Stockholm, Sweden, July 10-15,
               2018},
  pages     = {1897--1899},
  year      = {2018},
} 

@inproceedings{LeF0SP16,
  author    = {Tiep Le and
               Ferdinando Fioretto and
               William Yeoh and
               Tran Cao Son and
               Enrico Pontelli},
  title     = {ER-DCOPs: {A} Framework for Distributed Constraint Optimization with
               Uncertainty in Constraint Utilities},
  booktitle = {Proceedings of the 2016 International Conference on Autonomous Agents
               {\&} Multiagent Systems, Singapore, May 9-13, 2016},
  pages     = {606--614},
  year      = {2016},
}      
            
@proceedings{2016grid,
  editor    = {Enrico Pontelli and
               Alex Rogers and
               Sylvie Thi{\'{e}}baux and
               Tran Cao Son},
  title     = {{AI} for Smart Grids and Smart Buildings, Papers from the 2016 {AAAI}
               Workshop, Phoenix, Arizona, USA, February 12, 2016},
  series    = {{AAAI} Workshops},
  volume    = {{WS-16-04}},
  publisher = {{AAAI} Press},
  year      = {2016},
}

@article{SonPNS14,
  author    = {Tran Cao Son and
               Enrico Pontelli and
               Ngoc{-}Hieu Nguyen and
               Chiaki Sakama},
  title     = {Formalizing Negotiations Using Logic Programming},
  journal   = {{ACM} Trans. Comput. Log.},
  volume    = {15},
  number    = {2},
  pages     = {12:1--12:30},
  year      = {2014},
}
 
%%%%%%% REU
@inproceedings{reu10,
 author = {Josue Gutierrez$^{*}$ and Sean Flaherty$^{*}$ and Colby Brungard and Huiping Cao and David Dubois and Merrill Bean and Max Bleiweiss},
  title = {Early Warning Dust Forecasting},
  booktitle = {{The the 29th Hispanic Engineering National Achievement Awards Conference (HENAAC). Poster session. Pasadena, CA}},
  year = {2017}
}

@misc{reu9,
  author = {Brett Pelkey$^{*}$ and Yifan Hao and Huiping Cao},
  title = {Predicting Energy Consumption of Campus Buildings},
  howpublished = {{2017 UT Dallas Undergraduate Research Expo in Computer Science}, April 14, 2017. (The 1st place)}
}


@misc{reu8,
  author = {Brett Pelkey$^{*}$ and Stefan Ceballos$^{*}$ and Milan Biswal and Huiping Cao and Sukumar Brahma},
  title = {Phasor Measurement Unit Monitoring Tool},
  howpublished = {{The 17th Joint UTEP/NMSU Workshop on Mathematics, Computer Science, and Computational Sciences}, El Paso, Texas, November 7, 2015. \url{http://www.cs.utep.edu/vladik/utepnmsu15.html}}
}

@inproceedings{reu7,
 author = {Ian Goetting$^{*}$ and Elisabeth Baseman and Huiping Cao},
  title = {Causal Relationships amongst Sensors in the Trinity Supercomputer: work in progress},
  booktitle = {{Proceedings of the First Workshop on Machine Learning for Computing Systems (MLCS). Co-located with the 27th International Symposium on High-Performance Parallel and Distributed Computing (HPDC)}},
  year = {2018}
}


@inproceedings{reu6,
 author = {Ian Goetting$^{*}$ and Hameed Badawy},
  title = {Examination of Software Simulators for Modeling the Operating System Friendly Architecture},
  booktitle = {{The Emerging Researchers National (ERN) Conference in Science, Technology, Engineering and Mathematics (STEM)}},
  year = {2017}
}


@inproceedings{reu5,
 author = {Khayyam Saleem$^{*}$ and Talayeh Razzaghi},
  title = {A Novel Deep Learning Approach for Abnormal Control Chart Pattern Recognition and Classification},
  booktitle = {{The Emerging Researchers National (ERN) Conference in Science, Technology, Engineering and Mathematics (STEM)}},
  year = {2017}
}



@inproceedings{reu4,
 author = {Stephanie Pena-Rivera$^{*}$ and Huiping Cao and Oswald Chong},
  title = {Reducing Prediction Errors for Abnormal Energy Consumption},
  booktitle = {{The the 29th Hispanic Engineering National Achievement Awards Conference (HENAAC). Poster session. Pasadena, CA}},
  year = {2017}
}

@inproceedings{reu3,
  author = {Strahinja Trecakov and Nafiul Siddique and Hameed Badawy and Satyajayant Misra and Casey Tran$^{*}$},
  title = {Can Architecture Design Help Eliminate Some Common Vulnerabilities?},
  booktitle = {{IEEE Intl. Conf. on Mobile Ad-hoc and Sensor Systems (MASS)}},
  year = {2017}
}

@inproceedings{reu2,
  author = {Simeng Wang and Jinrui Cao and Danny V. Murillo$^{*}$ and Yiliang Shi$^{*}$ and Mai Zheng},
  title = {Emulating Realistic Flash Device Errors with High Fidelity},
  booktitle = {{Proceedings of the 11th IEEE International Conference on Networking, Architecture, and Storage (NAS) Poster Session}},
  pages ={1--2},
  year = {2016}
}

@inproceedings{reu1,
  author = {Yiliang Shi$^{*}$ and  Danny V. Murillo$^{*}$ and  Simeng Wang and Jinrui Cao and Mai Zheng},
  title = {A Command-Level Study of Linux Kernel Bugs},
  booktitle = {{The 3rd National Workshop for REU Research in Networking and Systems (REUNS, ICNC )}},
  pages ={798 -- 802},
  year = {2017}
}

@article{petsev1,
author={N.J. Carroll and P.F. Crowder and W. Patterson and D.R. Ratnaweera and D. Perahia and P. Atanassov and D.N. Petsev},
title={Microfluidic synthesis of monodisperse nanoporous oxide particles and control of hierarchical pore structure},
journal={ACS Appl. Mater. Interfaces},
year=2013,
volume=5,
pages={3514--3529}
}

@inproceedings{petsev2,
author = {N.J. Carroll and S. Pylypenko and A. Ortiz and B.T. Yonemoto and C. Lopez and P. Atanassov and D.A. Weitz and D.N. Petsev},
title = {Droplet based microfluidics for synthesis of mesoporous silica microspheres},
booktitle={MRS Symposium Proceedings},
year=2010,
volume=1272,
pages={KK08-02}
}

@article{petsev3,
author = {N.J. Carroll and S.B. Rathod and E. Derbins and S. Mendez and D.A. Weitz and D.N. Petsev}, 
title = {Droplet-based microfluidics for emulsion and solvent evaporation synthesis of monodisperse mesoporous silica microspheres},
journal={Langmuir},
year=2008,
volume=24,
number=3,
pages={658--661}
}

@article{petsev4,
author={S.T. Chang and E. Beaumont and D.N. Petsev and O.D. Velev},
title={Remotely powered distributed microfluidic pumps and mixers based on miniature
diodes},
journal={Lab on a Chip},
year=2008,
volume=8,
pages={117=-124},
}

@inproceedings{petsev5,
author={R. Vangara and D.C.R. Brown and D.J. Prakash and D.N. Petsev and F.v. Swol},
title={Corrosion and surface charge in electric double layers by classical density functional theory},
booktitle={Proceeding of the 2017 DOD-Allied Nations Technical Corrosion Conference},
year=2017,
address={Birmingham, AL}
}

@article{petsev6,
author={R. Vangara and D.C.R. Brown and F.v. Swol and D.N. Petsev}, 
title={Electrolyte solution structure and its effect on the properties of electric double layers with surface charge regulation},
journal={J. Colloid Interface Sci.},
year=2017,
volume=488,
pages={180--189}
}

@article{petsev7,
author={R. Vangara and M. York and K. Stoltzfus and F.v. Swol and D.N. Petsev},
title={Electric double layers containing multivalent ions},
journal={J. Phys. Chem. C},
year=2018,
note="Submitted for publication"}

@article{cbe1,
author = {L. Li and Y. Yang and D. Zhang and Z.-G. Ye and S. Jesse and S. V. Kalinin and R. K. Vasudevan},
title={Machine learning–enabled identification of material phase transitions based on experimental data: Exploring collective dynamics in ferroelectric relaxors},
journal={Science Advances},
volume=4,
year=2018
}
@article{cbe2,
author={V. G. Stanev and F. L. Iliev and S. Hansen and V. V. Vesselinov and B. S. Alexandrov},
title={Identification of release sources in advection–diffusion system by machine learning combined with Green’s function inverse method},
journal={Applied Mathematical Modelling},
volume=60,
year=2018,
pages={64--76}
}  
@article{cbe3,
author={L. B. Alexandrov and S. Nik-Zainal and D. C. Wedge and P. J. Campbell and M. R. Stratton},
title={Deciphering signatures of mutational processes operative in human cancer},
journal={Cell Rep.},
volume=3,
year=2013,
pages={246--259}
}

@book{ep71,
author={R. Gunstone and I.J. Mitchell},
title={{Metacognition and Conceptual Change}},
publisher={Academic Press},
year=1998
}

@article{ep150,
author={K. Ryokai and C. Vaucelle, and J. Cassell},
title={{Virtual peers as partners in storytelling and literacy learning}},
journal={Journal of Computer Assisted Learning},
year=2003,
volume=19,
number=2,
pages={195-208}
}

@article{arg1,
author={K. Kephart and E. Villa and A. Gates and S. Roach},
title={{The Affinity Research Group model:
Creating and maintaining dynamic, productive and inclusive research groups}},
journal={CUR Quarterly},
volume=28,
year=2008
}

@article{arg2,
author={E. Villa and K. Kephart and A. Gates and H. Thiry and S. Hug},
title={Affinity research groups in practice: Apprenticing students in research},
journal={Journal of Engineering Education},
volume=102,
year=2013
}



@book{ep115,
author={E. Novak and D. Novak},
title={{Staging Musical Theatre}},
publisher={Betterway Books},
year=1996
}

@article{nic1,
  author={Russell, J. L. and Bryk, A. S. and Dolle, J. R. and Gomez, L. M. and Lemahieu, P. G. and Grunow, A.},
  year=2017,
  title={A Framework for the Initiation of Networked Improvement Communities},
  journal="Teachers College Record",
  volume=119,
  number=5
  }

@misc{acm-ethics,
key="ACM",
title="ACM code of ethics and professional conduct",
note="Retrieved from: https://www.acm.org/code-of-ethics",
year=2018
}

@inproceedings{connolly,
author={Connolly, R. W.},
month="June",
year=2011,
title={Beyond good and evil impacts: rethinking the social issues components in our computing curricula},
booktitle={Proceedings of the 16th annual joint conference on Innovation and technology in computer science education},
pages="228--232"
}

@article{newberry,
author={Newberry, B.},
year=2004,
title={The dilemma of ethics in engineering education},
journal={Science and Engineering Ethics},
volume=10,
number=2,
pages="343--351"
}
@book{oneil,
author={O’Neil, C.},
year=2016,
title="Weapons of Math Destruction: How Big Data Increases Inequality and Threatens Democracy",
address="New York, NY",
publisher="Crown Publishing Group"
}
@article{pantazidou,
author={Pantazidou, M. and Nair, I.},
year=1999,
title={Ethic of care: Guiding principles for engineering teaching \& practice},
journal={Journal of Engineering Education},
volume=88,
number=2,
pages="205--212"
}
@article{stahl,
author={Stahl, B. C. and Timmermans, J. and Mittelstadt, B. D.},
year=2016, 
title={The ethics of computing: A survey of the computing-oriented literature},
journal={ACM Computing Surveys},
volume=48,
number=4,
pages="55ff"
}
@article{yale-weltz,
author={Yale Weltz, E.},
year=1998,
title={A staged progression for integrating ethics and social impact across the computer science curriculum},
journal={Computers \& Society},
volume=28,
number=1
}